{
    "profile": {
        "address1": "NetEase Building",
        "address2": "No. 599 Wangshang Road Binjiang District",
        "city": "Hangzhou",
        "zip": "310052",
        "country": "China",
        "phone": "86 57 1898 53378",
        "website": "https://netease.gcs-web.com",
        "industry": "Electronic Gaming & Multimedia",
        "sector": "Communication Services",
        "longBusinessSummary": "NetEase, Inc. engages in online games, music streaming, online intelligent learning services, and internet content services businesses in China and internationally . The company operates through Games and Related Value-Added Services, Youdao, Cloud Music, and Innovative Businesses and Others segments. It develops and operates PC and mobile games, as well as offers games licensed from other game developers. The company's products and services include Youdao Dictionary, an online knowledge tool; Youdao Translation, a tool specifically designed to support translation needs of business and leisure travelers; U-Dictionary, an online dictionary and translation app; Youdao Kids' Dictionary, a smart and fun tool; smart devices, such as Youdao Dictionary Pen, Youdao Smart Learning Pad, Youdao Listening Pod, Youdao Smart Light, Youdao Pocket Translator, and Youdao Super Dictionary; online courses; interactive learning apps; and education digitalization solutions, such as Youdao Smart Learning Terminal, a device that automates paper-based homework processing; Youdao Smart Cloud, a cloud-based platform that allows third-party app developers, smart device brands, and manufacturers to the company's OCR capabilities; and Youdao Sports, a sports-centric educational system. Its products and services also include NetEase Cloud Music, a music streaming platform; Yanxuan, an e-commerce platform, which sells private label products; www.163.com portal and related mobile app, Wangyi Xinwen, which deliver information such as news, sports events, technology, fashion trends, and online entertainment; NetEase Mail, an email service; NetEase CC Live streaming, a live streaming platform with a focus on game broadcasting; and NetEase Pay, a payment platform. The company was formerly known as NetEase.com, Inc. and changed its name to NetEase, Inc. in March 2012. NetEase, Inc. was founded in 1997 and is headquartered in Hangzhou, the People's Republic of China.",
        "companyOfficers": [
            {
                "maxAge": 1,
                "name": "Mr. Lei  Ding",
                "age": 51,
                "title": "Founder, CEO & Director",
                "yearBorn": 1972,
                "fiscalYear": 2009,
                "exercisedValue": 0,
                "unexercisedValue": 0
            },
            {
                "maxAge": 1,
                "name": "Ms. Margaret  Shi",
                "title": "IR Director",
                "fiscalYear": 2009,
                "exercisedValue": 0,
                "unexercisedValue": 0
            }
        ],
        "auditRisk": 2,
        "boardRisk": 7,
        "compensationRisk": 10,
        "shareHolderRightsRisk": 1,
        "overallRisk": 10,
        "governanceEpochDate": "2024-02-29 19:00:00",
        "compensationAsOfEpochDate": "2009-12-30 19:00:00",
        "maxAge": 86400
    },
    "preMarketChangePercent": -0.0209405,
    "preMarketChange": -2.28,
    "preMarketTime": "2024-03-05 09:29:14",
    "preMarketPrice": 106.6,
    "postMarketChangePercent": 0.0073626465,
    "postMarketChange": 0.7799988,
    "postMarketPrice": 106.72,
    "regularMarketChangePercent": -0.027002158,
    "regularMarketChange": -2.9399948,
    "regularMarketPrice": 105.94,
    "regularMarketDayHigh": 107.11,
    "regularMarketDayLow": 104.67,
    "regularMarketVolume": 1600784,
    "averageDailyVolume10Day": 1853170,
    "averageDailyVolume3Month": 2436435,
    "regularMarketPreviousClose": 108.88,
    "regularMarketOpen": 106.6,
    "exchange": "NMS",
    "exchangeName": "NasdaqGS",
    "quoteType": "EQUITY",
    "symbol": "NTES",
    "shortName": "NetEase, Inc.",
    "longName": "NetEase, Inc.",
    "marketCap": 69076164608,
    "previousClose": 108.88,
    "open": 106.6,
    "dayLow": 104.67,
    "dayHigh": 107.11,
    "dividendRate": 2.56,
    "dividendYield": 0.023599999,
    "exDividendDate": "2024-03-12 20:00:00",
    "payoutRatio": 0.2778,
    "fiveYearAvgDividendYield": 1.35,
    "beta": 0.592,
    "trailingPE": 17.114702,
    "forwardPE": 13.127634,
    "volume": 1600784,
    "averageVolume": 2436435,
    "averageVolume10days": 1853170,
    "fiftyTwoWeekLow": 80.79,
    "fiftyTwoWeekHigh": 118.9,
    "priceToSalesTrailing12Months": 0.6676079,
    "fiftyDayAverage": 99.68,
    "twoHundredDayAverage": 101.5634,
    "trailingAnnualDividendRate": 18.187,
    "trailingAnnualDividendYield": 0.16703711,
    "enterpriseValue": 237059506176,
    "profitMargins": 0.28430998,
    "floatShares": 1720298014,
    "sharesOutstanding": 644952000,
    "sharesShort": 4871511,
    "sharesShortPriorMonth": 5854446,
    "sharesShortPreviousMonthDate": "2024-01-11 19:00:00",
    "dateShortInterest": "2024-02-14 19:00:00",
    "sharesPercentSharesOut": 0.0076,
    "heldPercentInsiders": 0.0137600005,
    "heldPercentInstitutions": 0.12732,
    "shortRatio": 2.56,
    "bookValue": 193.451,
    "priceToBook": 0.5476322,
    "lastFiscalYearEnd": "2023-12-30 19:00:00",
    "nextFiscalYearEnd": "2024-12-30 19:00:00",
    "mostRecentQuarter": "2023-12-30 19:00:00",
    "earningsQuarterlyGrowth": 0.665,
    "netIncomeToCommon": 29416552448,
    "trailingEps": 6.19,
    "forwardEps": 8.07,
    "pegRatio": 41.95,
    "enterpriseToRevenue": 2.291,
    "enterpriseToEbitda": 7.706,
    "currentPrice": 105.94,
    "targetHighPrice": 151.66,
    "targetLowPrice": 116.28,
    "targetMeanPrice": 137.39,
    "targetMedianPrice": 136.5,
    "recommendationMean": 1.6,
    "recommendationKey": "buy",
    "numberOfAnalystOpinions": 27,
    "totalCash": 126720991232,
    "totalCashPerShare": 39.448,
    "ebitda": 30764404736,
    "totalDebt": 19668160512,
    "quickRatio": 2.473,
    "currentRatio": 2.65,
    "totalRevenue": 103468163072,
    "debtToEquity": 15.356,
    "revenuePerShare": 160.841,
    "returnOnAssets": 0.09656,
    "returnOnEquity": 0.24778,
    "freeCashflow": 19352608768,
    "operatingCashflow": 35331276800,
    "earningsGrowth": 0.674,
    "revenueGrowth": 0.07,
    "grossMargins": 0.6095,
    "ebitdaMargins": 0.29733,
    "operatingMargins": 0.25307,
    "financialCurrency": "CNY",
    "calendarEvents": {
        "maxAge": 1,
        "earnings": {
            "earningsDate": [
                "2024-05-22 20:00:S",
                "2024-05-26 20:00:S"
            ],
            "earningsAverage": 1.73,
            "earningsLow": 1.6,
            "earningsHigh": 1.83,
            "revenueAverage": 3781810000,
            "revenueLow": 3587350000,
            "revenueHigh": 3940310000
        },
        "exDividendDate": "2024-03-12 20:00:00",
        "dividendDate": "2024-03-27 20:00:00"
    },
    "earnings": {
        "maxAge": 1,
        "earningsChart": {
            "quarterly": [
                {
                    "date": "1Q2023",
                    "actual": 1.62,
                    "estimate": 1.23
                },
                {
                    "date": "2Q2023",
                    "actual": 1.9,
                    "estimate": 1.24
                },
                {
                    "date": "3Q2023",
                    "actual": 1.85,
                    "estimate": 1.48
                },
                {
                    "date": "4Q2023",
                    "actual": 1.59,
                    "estimate": 1.73
                }
            ],
            "currentQuarterEstimate": 1.73,
            "currentQuarterEstimateDate": "1Q",
            "currentQuarterEstimateYear": 2024,
            "earningsDate": [
                "2024-05-22 20:00:S",
                "2024-05-26 20:00:S"
            ]
        },
        "financialsChart": {
            "yearly": [
                {
                    "date": 2020,
                    "revenue": 73667133000,
                    "earnings": 12062754000
                },
                {
                    "date": 2021,
                    "revenue": 87606026000,
                    "earnings": 16856842000
                },
                {
                    "date": 2022,
                    "revenue": 96495809000,
                    "earnings": 20337600000
                },
                {
                    "date": 2023,
                    "revenue": 103468159000,
                    "earnings": 29416552000
                }
            ],
            "quarterly": [
                {
                    "date": "1Q2023",
                    "revenue": 25046287000,
                    "earnings": 6754634000
                },
                {
                    "date": "2Q2023",
                    "revenue": 24011301000,
                    "earnings": 8242767000
                },
                {
                    "date": "3Q2023",
                    "revenue": 27270406000,
                    "earnings": 7836888000
                },
                {
                    "date": "4Q2023",
                    "revenue": 27140165000,
                    "earnings": 6582263000
                }
            ]
        },
        "financialCurrency": "CNY",
        "history": [
            {
                "maxAge": 1,
                "epsActual": 1.62,
                "epsEstimate": 1.23,
                "epsDifference": 0.39,
                "surprisePercent": 0.317,
                "quarter": "2023-03-31",
                "period": "-4q"
            },
            {
                "maxAge": 1,
                "epsActual": 1.9,
                "epsEstimate": 1.24,
                "epsDifference": 0.66,
                "surprisePercent": 0.532,
                "quarter": "2023-06-30",
                "period": "-3q"
            },
            {
                "maxAge": 1,
                "epsActual": 1.85,
                "epsEstimate": 1.48,
                "epsDifference": 0.37,
                "surprisePercent": 0.25,
                "quarter": "2023-09-30",
                "period": "-2q"
            },
            {
                "maxAge": 1,
                "epsActual": 1.59,
                "epsEstimate": 1.73,
                "epsDifference": -0.14,
                "surprisePercent": -0.081,
                "quarter": "2023-12-31",
                "period": "-1q"
            }
        ],
        "trend": [
            {
                "maxAge": 1,
                "period": "0q",
                "endDate": "2024-03-31",
                "growth": 0.068,
                "earningsEstimate": {
                    "avg": 1.73,
                    "low": 1.6,
                    "high": 1.83,
                    "yearAgoEps": 1.62,
                    "numberOfAnalysts": 6,
                    "growth": 0.068
                },
                "revenueEstimate": {
                    "avg": 3781810000,
                    "low": 3587350000,
                    "high": 3940310000,
                    "numberOfAnalysts": 6,
                    "yearAgoRevenue": {},
                    "growth": {}
                },
                "epsTrend": {
                    "current": 1.73,
                    "7daysAgo": 1.79,
                    "30daysAgo": 1.77,
                    "60daysAgo": 1.76,
                    "90daysAgo": 1.75
                },
                "epsRevisions": {
                    "upLast7days": 0,
                    "upLast30days": 0,
                    "downLast30days": 2,
                    "downLast90days": {}
                }
            },
            {
                "maxAge": 1,
                "period": "+1q",
                "endDate": "2024-06-30",
                "growth": -0.105,
                "earningsEstimate": {
                    "avg": 1.7,
                    "low": 1.52,
                    "high": 1.86,
                    "yearAgoEps": 1.9,
                    "numberOfAnalysts": 6,
                    "growth": -0.105
                },
                "revenueEstimate": {
                    "avg": 3861480000,
                    "low": 3761290000,
                    "high": 3976290000,
                    "numberOfAnalysts": 6,
                    "yearAgoRevenue": 3474670000,
                    "growth": 0.111
                },
                "epsTrend": {
                    "current": 1.7,
                    "7daysAgo": 1.71,
                    "30daysAgo": 1.7,
                    "60daysAgo": 1.69,
                    "90daysAgo": 1.66
                },
                "epsRevisions": {
                    "upLast7days": 0,
                    "upLast30days": 2,
                    "downLast30days": 2,
                    "downLast90days": {}
                }
            },
            {
                "maxAge": 1,
                "period": "0y",
                "endDate": "2024-12-31",
                "growth": 0.031,
                "earningsEstimate": {
                    "avg": 7.27,
                    "low": 6.49,
                    "high": 8.02,
                    "yearAgoEps": 7.05,
                    "numberOfAnalysts": 24,
                    "growth": 0.031
                },
                "revenueEstimate": {
                    "avg": 16192300000,
                    "low": 15484200000,
                    "high": 17145200000,
                    "numberOfAnalysts": 30,
                    "yearAgoRevenue": 14538200000,
                    "growth": 0.11399999
                },
                "epsTrend": {
                    "current": 7.27,
                    "7daysAgo": 7.3,
                    "30daysAgo": 7.23,
                    "60daysAgo": 7.26,
                    "90daysAgo": 7.29
                },
                "epsRevisions": {
                    "upLast7days": 5,
                    "upLast30days": 7,
                    "downLast30days": 5,
                    "downLast90days": {}
                }
            },
            {
                "maxAge": 1,
                "period": "+1y",
                "endDate": "2025-12-31",
                "growth": 0.11,
                "earningsEstimate": {
                    "avg": 8.07,
                    "low": 7.22,
                    "high": 8.98,
                    "yearAgoEps": 7.27,
                    "numberOfAnalysts": 24,
                    "growth": 0.11
                },
                "revenueEstimate": {
                    "avg": 17815400000,
                    "low": 16658300000,
                    "high": 18913300000,
                    "numberOfAnalysts": 28,
                    "yearAgoRevenue": 16192300000,
                    "growth": 0.1
                },
                "epsTrend": {
                    "current": 8.07,
                    "7daysAgo": 7.74,
                    "30daysAgo": 7.95,
                    "60daysAgo": 7.98,
                    "90daysAgo": 8.01
                },
                "epsRevisions": {
                    "upLast7days": 4,
                    "upLast30days": 6,
                    "downLast30days": 4,
                    "downLast90days": {}
                }
            },
            {
                "maxAge": 1,
                "period": "+5y",
                "endDate": null,
                "growth": 0.0257,
                "earningsEstimate": {
                    "avg": {},
                    "low": {},
                    "high": {},
                    "yearAgoEps": {},
                    "numberOfAnalysts": {},
                    "growth": {}
                },
                "revenueEstimate": {
                    "avg": {},
                    "low": {},
                    "high": {},
                    "numberOfAnalysts": {},
                    "yearAgoRevenue": {},
                    "growth": {}
                },
                "epsTrend": {
                    "current": {},
                    "7daysAgo": {},
                    "30daysAgo": {},
                    "60daysAgo": {},
                    "90daysAgo": {}
                },
                "epsRevisions": {
                    "upLast7days": {},
                    "upLast30days": {},
                    "downLast30days": {},
                    "downLast90days": {}
                }
            },
            {
                "maxAge": 1,
                "period": "-5y",
                "endDate": null,
                "growth": 0.28316998,
                "earningsEstimate": {
                    "avg": {},
                    "low": {},
                    "high": {},
                    "yearAgoEps": {},
                    "numberOfAnalysts": {},
                    "growth": {}
                },
                "revenueEstimate": {
                    "avg": {},
                    "low": {},
                    "high": {},
                    "numberOfAnalysts": {},
                    "yearAgoRevenue": {},
                    "growth": {}
                },
                "epsTrend": {
                    "current": {},
                    "7daysAgo": {},
                    "30daysAgo": {},
                    "60daysAgo": {},
                    "90daysAgo": {}
                },
                "epsRevisions": {
                    "upLast7days": {},
                    "upLast30days": {},
                    "downLast30days": {},
                    "downLast90days": {}
                }
            }
        ]
    },
    "indexTrend": {
        "maxAge": 1,
        "symbol": "SP5",
        "peRatio": 14.5154,
        "pegRatio": 1.78136,
        "estimates": [
            {
                "period": "0q",
                "growth": 0.036
            },
            {
                "period": "+1q",
                "growth": 0.096
            },
            {
                "period": "0y",
                "growth": 0.05
            },
            {
                "period": "+1y",
                "growth": 0.13
            },
            {
                "period": "+5y",
                "growth": 0.103926
            },
            {
                "period": "-5y"
            }
        ]
    },
    "insiderTransactions": {},
    "recommendationTrend": [
        {
            "period": "0m",
            "strongBuy": 6,
            "buy": 13,
            "hold": 8,
            "sell": 0,
            "strongSell": 2
        },
        {
            "period": "-1m",
            "strongBuy": 11,
            "buy": 17,
            "hold": 1,
            "sell": 0,
            "strongSell": 0
        },
        {
            "period": "-2m",
            "strongBuy": 11,
            "buy": 17,
            "hold": 0,
            "sell": 0,
            "strongSell": 0
        },
        {
            "period": "-3m",
            "strongBuy": 10,
            "buy": 18,
            "hold": 1,
            "sell": 0,
            "strongSell": 0
        }
    ],
    "secFilings": {},
    "sharePurchaseActivity": {
        "maxAge": 1,
        "period": "6m",
        "buyInfoCount": 0,
        "buyInfoShares": 0,
        "sellInfoCount": 0,
        "netInfoCount": 0,
        "netInfoShares": 0,
        "totalInsiderShares": 44201632
    },
    "shareholders": {
        "fundOwnership": {
            "ownershipList": [
                {
                    "maxAge": 1,
                    "reportDate": "2023-07-31",
                    "organization": "Invesco Developing Markets Fund",
                    "pctHeld": 0.010299999,
                    "position": 7121250,
                    "value": 774364725
                },
                {
                    "maxAge": 1,
                    "reportDate": "2023-06-30",
                    "organization": "Dodge & Cox International Stock Fund",
                    "pctHeld": 0.0069,
                    "position": 4737826,
                    "value": 458100395
                },
                {
                    "maxAge": 1,
                    "reportDate": "2023-05-31",
                    "organization": "MFS Research International Fund",
                    "pctHeld": 0.0016,
                    "position": 1077978,
                    "value": 91714368
                },
                {
                    "maxAge": 1,
                    "reportDate": "2023-05-31",
                    "organization": "MFS Series Trust X-MFS Emerging Markets Equity Fund",
                    "pctHeld": 0.0016,
                    "position": 1106815,
                    "value": 94167820
                },
                {
                    "maxAge": 1,
                    "reportDate": "2023-06-30",
                    "organization": "ACAP Strategic Fund",
                    "pctHeld": 0.0014,
                    "position": 989012,
                    "value": 95627570
                },
                {
                    "maxAge": 1,
                    "reportDate": "2023-06-30",
                    "organization": "College Retirement Equities Fund-Growth Account",
                    "pctHeld": 0.0011999999,
                    "position": 862139,
                    "value": 83360219
                },
                {
                    "maxAge": 1,
                    "reportDate": "2023-08-31",
                    "organization": "Fidelity Series Emerging Markets Opportunities Fund",
                    "pctHeld": 0.0011999999,
                    "position": 849793,
                    "value": 87936579
                },
                {
                    "maxAge": 1,
                    "reportDate": "2023-07-31",
                    "organization": "Fidelity Series Emerging Markets Fund",
                    "pctHeld": 0.001,
                    "position": 659915,
                    "value": 71759157
                },
                {
                    "maxAge": 1,
                    "reportDate": "2023-07-31",
                    "organization": "DFA Emerging Markets Core Equity Portfolio",
                    "pctHeld": 0.0007,
                    "position": 457432,
                    "value": 49741155
                },
                {
                    "maxAge": 1,
                    "reportDate": "2023-07-31",
                    "organization": "Fidelity Emerging Markets Fund (US)",
                    "pctHeld": 0.0007,
                    "position": 465100,
                    "value": 50574974
                }
            ],
            "maxAge": 1
        },
        "insiderHolders": {
            "holders": [],
            "maxAge": 1
        },
        "institutionOwnership": {
            "ownershipList": [
                {
                    "maxAge": 1,
                    "reportDate": "2023-06-30",
                    "organization": "Invesco Ltd.",
                    "pctHeld": 0.0149,
                    "position": 10267434,
                    "value": 992758193
                },
                {
                    "maxAge": 1,
                    "reportDate": "2023-06-30",
                    "organization": "Ubs Asset Management Americas Inc",
                    "pctHeld": 0.0124,
                    "position": 8559849,
                    "value": 827651799
                },
                {
                    "maxAge": 1,
                    "reportDate": "2023-09-30",
                    "organization": "Ninety One UK Ltd",
                    "pctHeld": 0.0098,
                    "position": 6769420,
                    "value": 678025107
                },
                {
                    "maxAge": 1,
                    "reportDate": "2023-06-30",
                    "organization": "Dodge & Cox Inc",
                    "pctHeld": 0.0073,
                    "position": 5077959,
                    "value": 490987855
                },
                {
                    "maxAge": 1,
                    "reportDate": "2023-06-30",
                    "organization": "Morgan Stanley",
                    "pctHeld": 0.0053,
                    "position": 3654322,
                    "value": 353336394
                },
                {
                    "maxAge": 1,
                    "reportDate": "2023-06-30",
                    "organization": "FMR, LLC",
                    "pctHeld": 0.0052,
                    "position": 3625615,
                    "value": 350560714
                },
                {
                    "maxAge": 1,
                    "reportDate": "2023-06-30",
                    "organization": "Greenwoods Asset Management Hong Kong Ltd.",
                    "pctHeld": 0.0034,
                    "position": 2318333,
                    "value": 224159617
                },
                {
                    "maxAge": 1,
                    "reportDate": "2023-06-30",
                    "organization": "Alkeon Capital Management LLC",
                    "pctHeld": 0.0031,
                    "position": 2175464,
                    "value": 210345614
                },
                {
                    "maxAge": 1,
                    "reportDate": "2023-06-30",
                    "organization": "Orbis Allan Gray Ltd",
                    "pctHeld": 0.0027,
                    "position": 1891572,
                    "value": 182896096
                },
                {
                    "maxAge": 1,
                    "reportDate": "2023-06-30",
                    "organization": "Massachusetts Financial Services Co.",
                    "pctHeld": 0.0025,
                    "position": 1702898,
                    "value": 164653207
                }
            ],
            "maxAge": 1
        },
        "majorHolders": {
            "maxAge": 1,
            "insidersPercentHeld": 0.0137600005,
            "institutionsPercentHeld": 0.12732,
            "institutionsFloatPercentHeld": 0.1291,
            "institutionsCount": 620
        }
    },
    "fcfPerShare": 30.006277626862154,
    "fcfYield": 0.28016333677215616,
    "fcfPayoutRatio": 0.08531548070821829
}